%% This BibTeX bibliography file was created using BibDesk.
%% https://bibdesk.sourceforge.io/

%% Created for Ermenlace at 2022-04-28 15:08:06 -0700 


%% Saved with string encoding Unicode (UTF-8) 



@misc{YTangEthicsOfBlockchain,
	author = {Yong, Tang},
	date-added = {2022-04-28 15:04:21 -0700},
	date-modified = {2022-04-28 15:07:46 -0700},
	title = {Ethics of blockchain: a framework of technology, applications, impacts, and research directions},
	url = {https://www.emerald.com/insight/content/doi/10.1108/ITP-10-2018-0491/full/html},
	year = {2019},
	bdsk-url-1 = {https://makefiletutorial.com/}}

@misc{Occidental2022Comps,
	author = {{Occidental College}},
	title = {Comprehensive Requirement},
	url = {https://oxy.smartcatalogiq.com/2021-2022/Catalog/Academic-Information-and-Policies/Bachelor-of-Arts-Degree/Comprehensive-Requirement},
	year = {2021},
	bdsk-url-1 = {https://oxy.smartcatalogiq.com/2021-2022/Catalog/Academic-Information-and-Policies/Bachelor-of-Arts-Degree/Comprehensive-Requirement}}

@misc{WikiBook2022LaTeX,
	author = {WikiBook},
	title = {LaTeX WikiBook},
	url = {https://en.wikibooks.org/wiki/LaTeX},
	year = {2022},
	bdsk-url-1 = {https://en.wikibooks.org/wiki/LaTeX}}

@misc{Lambert2021MakefileTutorial,
	author = {Lambert, Chase},
	title = {Makefile Tutorial},
	url = {https://makefiletutorial.com/},
	year = {2021},
	bdsk-url-1 = {https://makefiletutorial.com/}}

@misc{Overleaf2021LearnLaTeXIn,
	author = {Overleaf},
	title = {Learn LaTeX in 30 minutes},
	url = {https://www.overleaf.com/learn/latex/Learn_LaTeX_in_30_minutes},
	year = {2021},
	bdsk-url-1 = {https://www.overleaf.com/learn/latex/Learn_LaTeX_in_30_minutes}}
